@inproceedings{fall2003delay,
  title={A delay-tolerant network architecture for challenged internets},
  author={Fall, Kevin},
  booktitle={Proceedings of the 2003 conference on Applications, technologies, architectures, and protocols for computer communications},
  pages={27--34},
  year={2003},
  organization={ACM}
}

@article{lindgren2003probabilistic,
  title={Probabilistic routing in intermittently connected networks},
  author={Lindgren, Anders and Doria, Avri and Schel{\'e}n, Olov},
  journal={ACM SIGMOBILE mobile computing and communications review},
  volume={7},
  number={3},
  pages={19--20},
  year={2003},
  publisher={ACM}
}

@article{denis_artigo,
  title={Energy impact analysis on DTN routing protocols},
  author={Silva, Denis Rodrigues and Costa, Ant{\'o}nio and Macedo, Joaquim},
  year={2012},
  publisher={ACM}
}

@inproceedings{burgess2006maxprop,
  title={MaxProp: Routing for Vehicle-Based Disruption-Tolerant Networks.},
  author={Burgess, John and Gallagher, Brian and Jensen, David and Levine, Brian Neil},
  booktitle={INFOCOM},
  volume={6},
  pages={1--11},
  year={2006}
}

@book{deitel2010java,
  title={Java: como programar},
  author={Deitel, H.M.},
  isbn={9788576050193},
  year={2010},
  publisher={PRENTICE HALL BRASIL}
}

@book{fitz2008geoprocessamento,
  title={Geoprocessamento sem complica{\c{c}}{\~a}o},
  author={Fitz, P.R.},
  isbn={9788586238826},
  year={2008},
  publisher={Oficina de Textos}
}

@article{juang2002energy,
  title={Energy-efficient computing for wildlife tracking: Design tradeoffs and early experiences with ZebraNet},
  author={Juang, Philo and Oki, Hidekazu and Wang, Yong and Martonosi, Margaret and Peh, Li Shiuan and Rubenstein, Daniel},
  journal={ACM Sigplan Notices},
  volume={37},
  number={10},
  pages={96--107},
  year={2002},
  publisher={ACM}
}

@inproceedings{zhang2004hardware,
  title={Hardware design experiences in ZebraNet},
  author={Zhang, Pei and Sadler, Christopher M and Lyon, Stephen A and Martonosi, Margaret},
  booktitle={Proceedings of the 2nd international conference on Embedded networked sensor systems},
  pages={227--238},
  year={2004},
  organization={ACM}
}

@book{kurose2010redes,
  title={Redes de Computadores e a Internet: uma abordagem top-down},
  author={Kurose, James F and Ross, Keith W and Marques, Arlete Simille and Zucchi, Wagner Luiz},
  year={2010},
  publisher={Pearson}
}

@inproceedings{chen2006hybrid,
  title={A hybrid routing approach for opportunistic networks},
  author={Chen, Ling-Jyh and Yu, Chen-Hung and Sun, Tony and Chen, Yung-Chih and Chu, Hao-hua},
  booktitle={Proceedings of the 2006 SIGCOMM workshop on Challenged networks},
  pages={213--220},
  year={2006},
  organization={ACM}
}

@inproceedings{krishnan2007spindle,
  title={The spindle disruption-tolerant networking system},
  author={Krishnan, Rajesh and Basu, Prithwish and Mikkelson, Joanne M and Small, Christopher and Ramanathan, Ram and Brown, Daniel W and Burgess, John R and Caro, Armando L and Condell, Matthew and Goffee, Nicholas C and others},
  booktitle={Military Communications Conference, 2007. MILCOM 2007. IEEE},
  pages={1--7},
  year={2007},
  organization={IEEE}
}

@techreport{sehl2013viability,
  title={The Viability of a DTN System for Current Military Application},
  author={Sehl, Todd J},
  year={2013},
  institution={DTIC Document}
}

@misc{vahdat2000epidemic,
  title={Epidemic routing for partially connected ad hoc networks},
  author={Vahdat, Amin and Becker, David and others},
  year={2000},
  publisher={Technical Report CS-200006, Duke University}
}

@inproceedings{spyropoulos2007spray,
  title={Spray and focus: Efficient mobility-assisted routing for heterogeneous and correlated mobility},
  author={Spyropoulos, Thrasyvoulos and Psounis, Konstantinos and Raghavendra, Cauligi S},
  booktitle={Pervasive Computing and Communications Workshops, 2007. PerCom Workshops' 07. Fifth Annual IEEE International Conference on},
  pages={79--85},
  year={2007},
  organization={IEEE}
}

@inproceedings{spyropoulos2005spray,
  title={Spray and wait: an efficient routing scheme for intermittently connected mobile networks},
  author={Spyropoulos, Thrasyvoulos and Psounis, Konstantinos and Raghavendra, Cauligi S},
  booktitle={Proceedings of the 2005 ACM SIGCOMM workshop on Delay-tolerant networking},
  pages={252--259},
  year={2005},
  organization={ACM}
}

@article{alves2009redes,
  title={Redes veiculares: Princ{\i}pios, aplica{\c{c}}oes e desafios},
  author={Alves, Rafael dos S and Campbell, Igor do V and Couto, Rodrigo de S and Campista, Miguel Elias M and Moraes, Igor M and Rubinstein, Marcelo G and Costa, Lu{\i}s Henrique MK and Duarte, Otto Carlos MB and Abdalla, Michel},
  journal={Minicursos do Simp{\'o}sio Brasileiro de Redes de Computadores, SBRC},
  year={2009}
}

@article{de2007redes,
  title={Redes tolerantes a atrasos e desconexoes},
  author={de Oliveira, Carina T and Moreira, Marcelo DD and Rubinstein, Marcelo G and Costa, Lu{\'\i}s Henrique MK and Duarte, Otto Carlos MB},
  journal={SBRC Simp{\'o}sio Brasileiro de Redes de Computadores e Sistemas Distribu{\'\i}dos},
  year={2007}
}

@article{miguens1996navegaccao,
  title={Navega{\c{c}}{\~a}o: A Ci{\^e}ncia e A Arte, Volume III--Navega{\c{c}}{\~a}o Eletr{\^o}nica e em Condi{\c{c}}{\~o}es Especiais},
  author={MIGUENS, AP},
  journal={Manual de Navega{\c{c}}{\~a}o, DHN},
  year={1996}
}

@book{longley2009sistemas,
  title={Sistemas e Ci{\^e}ncia da Informa{\c{c}}{\~a}o Geogr{\'a}fica},
  author={Longley, P.A. and Goodchild, M.F. and Maguire, D.J. and Rhind, D.W.},
  isbn={9788565837651},
  year={2009},
  publisher={Bookman}
}

@article{vaz2013comparaccao,
  title={COMPARA{\c{C}}{\~A}O DA COBERTURA E ACUR{\'A}CIA ENTRE OS SISTEMAS GLONASS E GPS OBTIDAS DOS DADOS DE OBSERVA{\c{C}}{\~A}O DE UMA ESTA{\c{C}}{\~A}O DA REDE BRASILEIRA DE MONITORAMENTO CONT{\'I}NUO},
  author={Vaz, Jhonnes Alberto and de Souza Pissardini, Rodrigo and da Fonseca Junior, Edvaldo Sim{\~o}es},
  journal={Revista Brasileira de Cartografia},
  number={65/3},
  year={2013}
}

@book{jain2004routing,
  title={Routing in a delay tolerant network},
  author={Jain, Sushant and Fall, Kevin and Patra, Rabin},
  volume={34},
  number={4},
  year={2004},
  publisher={ACM}
}

@misc{concentrationGradient,
  author = {Mehran Kardar},
  title = {Concentration Gradients And Their Relation to Biased Random Walks},
  year = {2010}, 
  url={http://www.mit.edu/~kardar/teaching/projects/chemotaxis(AndreaSchmidt)},
  note = "Acessado em 10 de Março de 2016",
  organization={MIT}
}

@misc{impostoRussia,
  author = {PC Magazine},
  title = {iPhone 4S Gets a GPS Boost From the Russians},
  year = {2011},
  url={http://www.pcmag.com/article2/0,2817,2395028,00.asp},
  note = "Acessado em 25 de Março de 2016"
}

@misc{tierProject,
  author = {University of California },
  title = {Technology and Infrastructure for Emerging Regions},
  year = {2014},
  url={http://tier.cs.berkeley.edu/drupal/},
  note = "Acessado em 2 de Agosto de 2016"
}

@misc{rFAQ,
  author = {Kurt Hornik},
  title = {Frequently Asked Questions on R},
  year = {2016}, 
  url={https://cran.r-project.org/doc/FAQ/R-FAQ.html},
  note = "Acessado em 10 de Maio de 2016"
}

@misc{umrKehr,
  title={Delay Tolerant Networks},
  author={Kehr, William},
  year={2006},
  organization = {University of Missouri-Rolla},
  url = {http://web.mst.edu/~mobildat/DTN},
  note = "Acessado em 2 de Junho de 2016"
}

@misc{gnuplot5Doc,
  author = {Williams, Thomas and Kelley, Colin},
  title = {gnuplot 5.0 - An Interactive Plotting Program},
  year = {2015}, 
  url={http://www.gnuplot.info/docs\_5.0/gnuplot.pdf},
  note = "Acessado em 11 de Maio de 2016"
}

@misc{theOne_github,
  author = {Keränen, Ari and Kärkkäinen, Teemu and Pitkänen, Mikko and Ekman, Frans and Karvo, Jouni and Ott Jörg},
  title = {The ONE v1.6},
  year = {2015}, 
  url={https://github.com/akeranen/the-one/releases/tag/v1.6.0},
  note = "Acessado em 11 de Maio de 2016"
}

@misc{rfc4838,
  title={Delay-Tolerant Networking Architecture. IETF Request for Comments RFC 4838},
  author={Cerf, Vinton and Burleigh, Scott and Hooke, Adrian and Torgerson, Leigh and Durst, Robert and Scott, Keith and Fall, Kevin and Weiss, Howard},
  year={2007},
  organization = {IETF},
  url = {https://tools.ietf.org/html/rfc4838},
  note = "Acessado em 1 de Junho de 2016"
}

@misc{rfc5050,
  title={Bundle Protocol Specification. IETF Request for Comments RFC 5050},
  author={Scott, Keith L and Burleigh, Scott},
  year={2007},
  organization = {IETF},
  url = {https://tools.ietf.org/html/rfc5050},
  note = "Acessado em 1 de Junho de 2016"
}

@inproceedings{keranen2009one,
  title={The ONE simulator for DTN protocol evaluation},
  author={Ker{\"a}nen, Ari and Ott, J{\"o}rg and K{\"a}rkk{\"a}inen, Teemu},
  booktitle={Proceedings of the 2nd international conference on simulation tools and techniques},
  pages={55},
  year={2009},
  organization={ICST (Institute for Computer Sciences, Social-Informatics and Telecommunications Engineering)}
}

@inproceedings{carroll2010analysis,
  title={An Analysis of Power Consumption in a Smartphone.},
  author={Carroll, Aaron and Heiser, Gernot},
  booktitle={USENIX annual technical conference},
  volume={14},
  year={2010},
  organization={Boston, MA}
}

@book{hazzan2013fundamentos,
  title={Fundamentos de matem{\'a}tica elementar, 5: combinat{\'o}ria, probabilidade},
  author={Hazzan, Samuel},
  year={2013},
  publisher={Atual}
}

@article{kovar2011interoperable,
  title={Interoperable GPS, GLONASS and Galileo software receiver},
  author={Kovar, P and Kacmarik, P and Vejrazka, F},
  journal={IEEE Aerospace and Electronic Systems Magazine},
  volume={26},
  number={4},
  pages={24--30},
  year={2011},
  publisher={IEEE}
}